

@BOOK{adams??,
        AUTHOR             = {Douglas Adams},
        TITLE              = {Per Anhalter durch die Galaxis},
        VOLUME             = {1-5}
}

@INPROCEEDINGS{baeck91,
        AUTHOR             = {Thomas B{\"a}ck and Frank Hoffmeister and Hans-Paul Schwefel},
        BOOKTITLE          = {Proceedings of the fourth International Conf on GAs},
        EDITOR             = {Richard K. Belew and Lashon B. Booker},
        TITLE              = {A Survey of Evolution Strategies},
        YEAR               = {1991}
}

@ARTICLE{baum&haussler89,
        AUTHOR             = {Eric B. Baum and David Haussler},
        JOURNAL            = {Neural Computation},
        PAGES              = {151--160},
        TITLE              = {What size net gives valid generalization},
        VOLUME             = {1},
        YEAR               = {1989}
}

@INPROCEEDINGS{baum&lang90,
        AUTHOR             = {Eric B. Baum and Kevin J. Lang},
        BOOKTITLE          = {NIPS 3},
        PAGES              = {904--910},
        TITLE              = {Constructing hidden units using examples and queries},
        YEAR               = {1990}
}

@TECHREPORT{belew90,
        AUTHOR             = {Richard K. Belew and John McInerney and Nicol N. Schraudolph},
        ADDRESS            = {La Jolla, CA 92093},
        INSTITUTION        = {University of California at San Diego, Computer Science and Engr. Dept. (C-014)},
        MONTH              = jun,
        NUMBER             = {CS90-174},
        TITLE              = {Evolving Networks: using the genetic algorithm with connectionist learning},
        TYPE               = {CSE Technical Report},
        YEAR               = {1990}
}

@TECHREPORT{biehl&schwarze94,
        AUTHOR             = {Michael Biehl and Holm Schwarze},
        ADDRESS            = {Department of Theoretical Physics, Lund University, S{\"o}lvegatan 14 A, 223 62 Lund, Sweden},
        INSTITUTION        = {Lund University},
        NUMBER             = {LU TP 94-10},
        TITLE              = {Learning by Online Gradient Descent},
        YEAR               = {1994}
}

@INPROCEEDINGS{biswas&venkatesh90,
        AUTHOR             = {Sanjay Biswas and Santosh S. Venkatesh},
        BOOKTITLE          = {NIPS 3},
        PAGES              = {883--889},
        TITLE              = {The devil and the network: what sparsity implies to robustness and memory},
        YEAR               = {1990}
}

@ARTICLE{blumer87,
        AUTHOR             = {Blumer et al},
        JOURNAL            = {J. ACM},
        NUMBER             = {4},
        PAGES              = {929--965},
        TITLE              = {Learnability and the vapnik-Chervonenkis dimension},
        VOLUME             = {36},
        YEAR               = {????}
}

@ARTICLE{botton92,
        AUTHOR             = {Leon Botton and Vladimir Vapnik},
        JOURNAL            = {Neural Computation},
        NOTE               = {rbf u."a.},
        PAGES              = {888--900},
        TITLE              = {Local learning algorithms},
        VOLUME             = {4},
        YEAR               = {1992}
}

@ARTICLE{braun&weis93,
        AUTHOR             = {Heinrich Braun and Joachim Weisbrod},
        JOURNAL            = {Proceedings of the International Conference on Artificial Neural Nets and Genetic Algorithms},
        TITLE              = {Evolving Feedforward Neural Networks},
        YEAR               = {1993}
}

@INPROCEEDINGS{braun&zag94,
        AUTHOR             = {Heinrich Braun and Peter Zagorski},
        ADDRESS            = {Jerusalem, Israel},
        BOOKTITLE          = {Proceedings of the third parallel problem solving from Nature},
        TITLE              = {{\mbox{\sc Enzo-M}}: {A} hybrid approach for optimizing neural networks by evolution and learning},
        YEAR               = {1994}
}

@INPROCEEDINGS{braun&zag94a,
        AUTHOR             = {Heinrich Braun and Peter Zagorski},
        ADDRESS            = {Orlando},
        BOOKTITLE          = {Proceedings of the IEEE International Conference on evolutionary computation},
        JOURNAL            = {IEEE International Con},
        TITLE              = {{\mbox{\sc Enzo-II}} -- A powerful design tool to evolve multi layer feedforward neural nets},
        YEAR               = {1994}
}

@PHDTHESIS{braun90,
        AUTHOR             = {Heinrich Braun},
        ADDRESS            = {Institut f{\"u}r Logik, Komplexit{\"a}t und Deduktionssysteme},
        SCHOOL             = {Universit{\"a}t Karlsruhe},
        TITLE              = {Massiv parallele Algorithmen für
		  kombinatorische Optimierungsprobleme und ihre
		  Implementierung auf einem Parallelrechner},
        TYPE               = {Dissertation},
        YEAR               = {1990}
}

@INPROCEEDINGS{braun91,
        AUTHOR             = {Heinrich Braun},
        BOOKTITLE          = {Parallel Problem Solving from
		  Nature,PPSN I},
        PAGES              = {129-133},
        TITLE              = {On Solving Travelling Salesman Problems
		  by Genetic Algorithms},
        SERIES             = {Lecture Notes in Computer Science 496},
        YEAR               = {1991}
}

@INPROCEEDINGS{braun91b,
        AUTHOR             = {Heinrich Braun and Johannes Feulner and Volker Ullrich},
        BOOKTITLE          = {Neuro Nimes 91}
        TITLE              = {Learning strategies for solving the problem of planning using backpropagation},
        YEAR               = {1991}
}

		  
@INPROCEEDINGS{chauvin89,
        AUTHOR             = {Yves Chauvin},
        BOOKTITLE          = {NIPS 1},
        PAGES              = {519--526},
        TITLE              = {A back-propagation algorithm with optimal use of hidden units},
        YEAR               = {1988}
}

@INPROCEEDINGS{cohn&tesauro90,
        AUTHOR             = {David Cohn and Gerald Tesauro},
        BOOKTITLE          = {NIPS 3},
        PAGES              = {911--917},
        TITLE              = {Can neural networks di better than the Vapnik-Chervonenkis bounds?},
        YEAR               = {1990}
}

@INPROCEEDINGS{cun89,
        AUTHOR             = {Y. Le Cun and Boser \dots},
        BOOKTITLE          = {NIPS 2},
        PAGES              = {396--404},
        PUBLISHER          = {Morgan Kaufmann},
        TITLE              = {Handwritten digit recognition with a backpropagation network},
        YEAR               = {1989}
}

@INPROCEEDINGS{denker88,
        AUTHOR             = {J. S. Denker et al},
        BOOKTITLE          = {NIPS 1},
        EDITOR             = {D. Touretzky},
        PUBLISHER          = {Morgan Kaufmann, San Mateo, CA},
        TITLE              = {Neural network recognizer for hand-written ZIP-code digits},
        YEAR               = {1988}
}

@INPROCEEDINGS{devroye88,
        AUTHOR             = {L. Devroye},
        BOOKTITLE          = {IEEE trans PAMI},
        NUMBER             = {4},
        PAGES              = {530--543},
        TITLE              = {Automatic pattern recognition, a study of the prop. of error},
        VOLUME             = {10},
        YEAR               = {1988}
}

@INPROCEEDINGS{Dra92,
        AUTHOR             = {G. Drago and S. Ridella},
        BOOKTITLE          = {Artificial Neural Networks},
        EDITOR             = {I. Aleksander and J. Taylor},
        PUBLISHER          = {Elsevier Science Publisher},
        TITLE              = {SCAWI: an algorithm for weight initialization of a simoidal neural network},
        VOLUME             = {2},
        YEAR               = {1992}
}

@ARTICLE{Elm90,
        AUTHOR             = {J. Elman},
        JOURNAL            = {Cognitive Science},
        NUMBER             = {14},
        PAGES              = {179-211},
        TITLE              = {Finding Structure in Time},
        YEAR               = {1990}
}

@MISC{f.neu,
        NOTE               = {band 2, classif},
        TITLE              = {nn theoretical foundations and analysis}
}

@TECHREPORT{Fah88,
        AUTHOR             = {S. E. Fahlman},
        ADDRESS            = {Carngie-Mellon University},
        INSTITUTION        = {CMU-CS-88-162},
        TITLE              = {An Empirical Study of Learning Speed in Back-Propagation Networks},
        YEAR               = {1988}
}

@INPROCEEDINGS{Fah90,
        AUTHOR             = {S. Fahlman and C. Lebiere},
        BOOKTITLE          = {Neural Information Processing Systems 2},
        TITLE              = {The Cascade-Correlation Learning Architecture},
        YEAR               = {1990}
}

@INPROCEEDINGS{fahlman&lebiere89,
        AUTHOR             = {Scott E. Fahlman and Christian Lebiere},
        BOOKTITLE          = {NIPS 2},
        JOURNAL            = {NIPS 2},
        PAGES              = {524--532},
        TITLE              = {The cascade-correlation learning-architecture},
        YEAR               = {1989}
}

@MISC{fiesler94,
        AUTHOR             = {E. Fiesler},
        HOWPUBLISHED       = {available via ftp},
        NOTE               = {adress: IDIAP, Case postale 609, CH-1920 Martigny, Switzerland},
        TITLE              = {Neural Network classification and formalization},
        YEAR               = {1994}
}

@INPROCEEDINGS{Fom92,
        AUTHOR             = {M. Fombellida and J. Destine},
        BOOKTITLE          = {Artificial Neural Networks},
        EDITOR             = {I. Aleksander and J. Taylor},
        PUBLISHER          = {Elsevier Science Publisher},
        TITLE              = {The extended Quickprop},
        VOLUME             = {2},
        YEAR               = {1992}
}

@ARTICLE{frean90,
        AUTHOR             = {Marcus Frean},
        JOURNAL            = {Neural Computation},
        PAGES              = {198--209},
        TITLE              = {The {u}pstart {a}lgorithm: {A} method for constructing and training feedforward neural networks},
        VOLUME             = {2},
        YEAR               = {1990}
}

@TECHREPORT{fritzke93,
        AUTHOR             = {Bernd Fritzke},
        ADDRESS            = {1947 Center Street, Suit 600, Berkeley, California 94704},
        INSTITUTION        = {Inernational Computer Science Institute},
        MONTH              = may,
        NUMBER             = {TR-93-026},
        TITLE              = {{G}rowing {C}ell {S}tructures -- {A} self-organizing network for unsupervised and supervised learning},
        YEAR               = {1993}
}

@ARTICLE{fukushima82,
        AUTHOR             = {K. Fukushima snd S. Miyake},
        JOURNAL            = {Pattern Recognition},
        PAGES              = {455--469},
        TITLE              = {Neocognitron: A new algorithm for pattern recognition tolerant of deformation and shifts in position},
        VOLUME             = {15},
        YEAR               = {1982}
}

@INPROCEEDINGS{gallant86,
        AUTHOR             = {Gallant},
        BOOKTITLE          = {Proceedings of the eighth annual conference of cognitive science society},
        NOTE               = {fernleihe 10.3.94},
        PAGES              = {652--660},
        TITLE              = {Three constructive Algorithms for Network learning},
        YEAR               = {1986}
}

@MISC{hansen89,
        AUTHOR             = {Hansen},
        HOWPUBLISHED       = {verweis in mozer: skeletonization}
}

@INPROCEEDINGS{hanson&pratt89,
        AUTHOR             = {Hanson and Pratt},
        BOOKTITLE          = {NIPS 1},
        PAGES              = {177--185},
        TITLE              = {A comparison of different biases for minimal network construction with backpropagation},
        YEAR               = {1988}
}

@INPROCEEDINGS{Hanson89,
        AUTHOR             = {Stephen Jose Hanson},
        BOOKTITLE          = {NIPS 2},
        PAGES              = {533--541},
        TITLE              = {Meiosis Networks},
        YEAR               = {1989}
}

@INPROCEEDINGS{harp89,
        AUTHOR             = {Steven A. Harp and Tariq Samad and Aloke Guha},
        BOOKTITLE          = {NIPS 2},
        TITLE              = {Designing application-specific neural networks using the genetic algorithm},
        YEAR               = {1989}
}

@INPROCEEDINGS{hassibi&stork92,
        AUTHOR             = {Babak Hassibi and David G. Stork},
        BOOKTITLE          = {NIPS 4},
        JOURNAL            = {NIPS},
        TITLE              = {Second order derivatives for network pruning: {O}ptimal {B}rain {S}urgeon},
        YEAR               = {1992}
}

@BOOK{hertz91,
        AUTHOR             = {John Hertz and Anders Krough and Richard G. Palmer},
        PUBLISHER          = {Addison-Wesley},
        SERIES             = {Santa Fe Institute, Studies in the sciences of complexity, lecture notes},
        TITLE              = {Introduction to the theory of neural computation},
        VOLUME             = {1},
        YEAR               = {1991}
}

@BOOK{schwefel95,
        AUTHOR             = {Hans-Paul Schwefel},
        PUBLISHER          = {Addison-Wesley},
        SERIES             = {Santa Fe Institute, Studies in the sciences of complexity, lecture notes},
        TITLE              = {Introduction to the theory of neural computation},
        YEAR               = {1995}
}

@BOOK{goldberg89,
        AUTHOR             = {David Goldberg},
        PUBLISHER          = {Addison-Wesley},
        TITLE              = {Genetic Algorithms in Search,
		  Optimization and Machine Learning},
        YEAR               = {1989}
}

@BOOK{reeves93,
        AUTHOR             = {Colin Reeves},
        PUBLISHER          = {Orient Longman},
        TITLE              = {Modern Heuristic Techniques for
		  Combinatorial Problems},
        VOLUME             = {1},
        YEAR               = {1993}
}

@INPROCEEDINGS{Hinton86,
        AUTHOR             = {Geoffrey E. Hinton},
        BOOKTITLE          = {Proceedings of the eighth annual conference of cognitive science society},
        PAGES              = {1-12},
        TITLE              = {Learning distributed representations of concepts},
        YEAR               = {1986}
}

@ARTICLE{hirose91,
        AUTHOR             = {Yoshio Hirose and Koichi Yamashita and Shimpei Hijiya},
        JOURNAL            = {Neural Networks},
        PAGES              = {61--66},
        TITLE              = {Back-pro\-pa\-ga\-tion Algorithm wich varies the number of hidden units},
        VOLUME             = {4},
        YEAR               = {1991}
}

@BOOK{HKP91,
        AUTHOR             = {J. Hertz and A. Krogh and R. Palmer},
        ADDRESS            = {Redwood City, CA 94065},
        PUBLISHER          = {Addison-Wesley},
        TITLE              = {Introduction to the theory of neural computation},
        YEAR               = {1991}
}

@INPROCEEDINGS{hoffmeister90,
        AUTHOR             = {Frank Hoffmeister and Thomas B{\"a}ck},
        BOOKTITLE          = {Parallel Problem Solving from Nature},
        EDITOR             = {H.-P. Schwefel and R. M{\"a}nner},
        PUBLISHER          = {Springer},
        SERIES             = {Lecture Notes in Computer Science},
        TITLE              = {Genetic Algorithms and Evolution Strategies: Similarities and Differences},
        YEAR               = {1991}
}

@BOOK{holland75,
        AUTHOR             = {J. H. Holland},
        ADDRESS            = {Ann Arbor},
        PUBLISHER          = {University of Michigan Press},
        TITLE              = {Adaption in Natural and Artificial Systems},
        YEAR               = {1975}
}

@ARTICLE{horniketal89,
        AUTHOR             = {K. Hornik and M. Stinchcombe and H. White},
        JOURNAL            = {Neural Networks},
        PAGES              = {359--366},
        TITLE              = {Multilayer feedforward networks are universal approximators},
        VOLUME             = {2},
        YEAR               = {1989}
}

@INPROCEEDINGS{HS92,
        AUTHOR             = {B. Hassibi and D. Stork},
        BOOKTITLE          = {Neural Inforamtion Processing Systems 5},
        TITLE              = {Second Order Information for Network Pruning: Optimal Brain Surgeon},
        YEAR               = {1993}
}

@INPROCEEDINGS{huang&lippmann87,
        AUTHOR             = {W. Y. Huang and R. P. Lippmann},
        BOOKTITLE          = {Proceedings IEEE int conf on NN},
        JOURNAL            = {Proceedings},
        MONTH              = jun,
        TITLE              = {Comparison between neural net and conventional classifiers},
        YEAR               = {1987}
}

@ARTICLE{Hwang91,
        AUTHOR             = {Jenq-Neng Hwang and Jai J. Choi and Seho Oh and Robert J. Marks II},
        JOURNAL            = {Transactions on Neural Networks},
        MONTH              = jan,
        NUMBER             = {1},
        PAGES              = {131--136},
        TITLE              = {Query-based learning applied to partially trained multilayer perceptrons},
        VOLUME             = {4},
        YEAR               = {1991}
}

@ARTICLE{Jac88,
        AUTHOR             = {R. Jacobs},
        JOURNAL            = {Neural Networks},
        NUMBER             = {4},
        TITLE              = {Increased Rates of Convergence Through Learning Rate Adaptation},
        VOLUME             = {1},
        YEAR               = {1988}
}

@TECHREPORT{JF93,
        AUTHOR             = {T. T. Jervis and W. J. Fitzgerald},
        INSTITUTION        = {University of Cambridge},
        TITLE              = {Optimization Schemes for Neural Networks},
        YEAR               = {1993}
}

@BOOK{johnssonLeird??,
        AUTHOR             = {Johnson-Leird},
        NOTE               = {F.joh in inf'bib},
        TITLE              = {The comp and the mind: an intro \dots}
}

@INPROCEEDINGS{keesing&stork90,
        AUTHOR             = {Ron Keesing and David G. Stork},
        BOOKTITLE          = {NIPS 3},
        TITLE              = {Evolution and learning in neural networks: the number and distribution of learning trials affect the rate of evolution},
        YEAR               = {1990}
}

@ARTICLE{kitano90,
        AUTHOR             = {H. Kitano},
        JOURNAL            = {Complex Systems},
        PAGES              = {461--476},
        TITLE              = {Designing neural networks using genetic algorithms with graph generating systems},
        VOLUME             = {4},
        YEAR               = {1990}
}

@BOOK{koza93,
        AUTHOR             = {John R. Koza},
        NOTE               = {                },
        PUBLISHER          = {\dots, Cambridge},
        TITLE              = {Genetic programming; on the programming of computers by means of natural selection},
        YEAR               = {1993}
}

@INPROCEEDINGS{kramer88,
        AUTHOR             = {Kramer ...},
        BOOKTITLE          = {NIPS 1},
        NOTE               = {-},
        TITLE              = {efficient parallel learning algorithms for neural nets},
        YEAR               = {1988}
}

@INPROCEEDINGS{kressel90,
        AUTHOR             = {U. Kre{"s}el and J. Franke and J. Sch"urmann},
        BOOKTITLE          = {12. DAGM Symposium Oberkochen, Proceedings Mustererkennung},
        EDITOR             = {R.E. Gro{"s}kopf},
        PUBLISHER          = {Springer-Verlag},
        TITLE              = {{P}olynomklassifikator versus {M}ultilayer-{P}erzeptron},
        YEAR               = {1990}
}

@INPROCEEDINGS{KS88,
        AUTHOR             = {A. Kramer and S. Vincentelli},
        ADDRESS            = {San Mateo},
        BOOKTITLE          = {Advances in Neural Information Processing},
        EDITOR             = {D.Touretzky},
        PUBLISHER          = {Morgan Kauffman},
        TITLE              = {Efficient parallel learning algorithms for neural networks},
        VOLUME             = {I},
        YEAR               = {1989}
}

@ARTICLE{kung&hu90,
        AUTHOR             = {S. Y. Kung and Y. H. Hu},
        JOURNAL            = {Proceedings of the IJCNN-91 Seattle, Washington},
        TITLE              = {A frobenius approximation reduction method ({FARM}) for determining the optimal number of hidden units},
        YEAR               = {1991}
}

@MASTERSTHESIS{lange93,
        AUTHOR             = {Frank Lange},
        SCHOOL             = {Universit"at Karlsruhe, Institut f"ur Logik, Komplexit"at und Deduktionssysteme},
        TITLE              = {{\"U}ber den {Z}usammenhang zwischen {K}omplexit{\"a}t und {G}eneralisierungsf{\"a}higkeit {N}euronaler {N}etze},
        TYPE               = {Diplomarbeit},
        YEAR               = {1993}
}

@ARTICLE{leCun89,
        AUTHOR             = {Y. Le Cun and B. Boser and J. S, Denker and D. Hen},
        JOURNAL            = {Neural Computation 1},
        PAGES              = {541--551},
        TITLE              = {Backpropagation applied to handwritten ZIP code recognition},
        VOLUME             = {1},
        YEAR               = {1989}
}

@INCOLLECTION{leCun89a,
        AUTHOR             = {Y. Le Cun},
        BOOKTITLE          = {Connectionism in perspective},
        EDITOR             = {R. Pr"ufer, Z. Schreter, F. Fogelman and L. Steels},
        PUBLISHER          = {North Holland, Amsterdam},
        TITLE              = {Generalization and network design strategies},
        YEAR               = {1989}
}

@INPROCEEDINGS{leCun89b,
        AUTHOR             = {Yann Le Cun and John S. Denker and Sara A. Solla},
        BOOKTITLE          = {NIPS 2},
        TITLE              = {{O}ptimal {B}rain {D}amage},
        YEAR               = {1989}
}

@ARTICLE{leCun90,
        AUTHOR             = {Le Cun \dots},
        JOURNAL            = {Connectionism in perspective},
        PAGES              = {598--605},
        TITLE              = {Optimal Brain Damage},
        YEAR               = {1990}
}

@INPROCEEDINGS{leCunSimard93,
        AUTHOR             = {Yann LeCun and Patrice Y. Simard and Barak Pearlmutter},
        BOOKTITLE          = {Advances in Neural Inforamtion Processing Systems},
        PAGES              = {156--163},
        TITLE              = {Automatic Learning Rate maximization by On-Line Estimation of the Hessian's Eigenvectors},
        YEAR               = {1993}
}

@ARTICLE{lee91,
        AUTHOR             = {Yuchun Lee},
        JOURNAL            = {Neural Computation},
        PAGES              = {440--449},
        TITLE              = {handwritten digit recognition using kNN, RBF and BP networks},
        VOLUME             = {3},
        YEAR               = {1991}
}

@ARTICLE{lippmann87,
        AUTHOR             = {R. P. Lippmann},
        JOURNAL            = {IEEE ASSP Magazine},
        MONTH              = apr,
        TITLE              = {An introduction to computing with neural nets},
        VOLUME             = {4},
        YEAR               = {1987}
}

@INPROCEEDINGS{lippmann90,
        AUTHOR             = {R. Lippmann},
        BOOKTITLE          = {NIPS 3},
        PAGES              = {970},
        PUBLISHER          = {Morgan Kaufmann, San Mateo, CA},
        TITLE              = {A compaeative study of the practical characteristics of Neural networcs and conventional pattern classification},
        YEAR               = {1990}
}

@TECHREPORT{littmann&ritter94c,
        AUTHOR             = {Enno Littmann and Helge Ritter},
        ADDRESS            = {Neuroinformatics, Computer Science Department, Bielefeld University, POB 100 131, {D-33501} Bielefeld, FRG},
        INSTITUTION        = {Bielefeld University},
        NOTE               = {E-mail: littmann@techfak.uni-bielefeld.de},
        TITLE              = {Modularization by Cascading Neural Networks},
        YEAR               = {1994}
}

@INPROCEEDINGS{LW88,
        AUTHOR             = {K. Lang and M. Witbrock},
        BOOKTITLE          = {Proceedings of 1988 Connectionist Models Summer School},
        PUBLISHER          = {Morgan Kaufmann},
        TITLE              = {Learning to Tell Two Spirals Apart},
        YEAR               = {1988}
}

@ARTICLE{marchand90,
        AUTHOR             = {M. Marchand and M. Golea and P. Rujan},
        BOOKTITLE          = {europhisics},
        JOURNAL            = {Europhysics Letters},
        MONTH              = mar,
        NUMBER             = {6},
        PAGES              = {487--492},
        TITLE              = {A convergence theorem for sequential learning in two-layer perceprons},
        VOLUME             = {11},
        YEAR               = {1990}
}


@MISC{McDonnell&Waagen93,
        AUTHOR             = {John McDonell and Don Waagen},
        NOTE               = {NCCOSC, RDT{\&}E Division, San Diego, CA 92152},
        TITLE              = {Neural structure design by
                              evolutionary programming},
        YEAR               = {1993}
}

@ARTICLE{mcKay92a,
        AUTHOR             = {David J. C. McKay},
        JOURNAL            = {Neural Computation},
        KEY                = {McKay a},
        PAGES              = {415--447},
        TITLE              = {Bayesian Interpolation},
        VOLUME             = {4},
        YEAR               = {992}
}

@ARTICLE{mcKay92b,
        AUTHOR             = {David J. C. McKay},
        JOURNAL            = {Neural Computation},
        KEY                = {McKay b},
        PAGES              = {448--472},
        TITLE              = {{A} practical Bayesian framework for Backpropagation Networks},
        VOLUME             = {4},
        YEAR               = {1992}
}

@ARTICLE{mezard&nadal89,
        AUTHOR             = {Marc Mezard and Jean-Pierre Nadal},
        JOURNAL            = {Journal of physics A},
        PAGES              = {2191--2204},
        TITLE              = {Learning in feedforward layered networks: {T}he {T}iling {A}lgorithm},
        VOLUME             = {22},
        YEAR               = {1989}
}

@INPROCEEDINGS{Miller89,
        AUTHOR             = {Miller et al},
        BOOKTITLE          = {Proc of the 3rd int conf on genetic algorithms, Fairfax},
        TITLE              = {Designing Neural Networks using genetic algorithms},
        YEAR               = {1989}
}

@BOOK{minsky&papert88,
        AUTHOR             = {Marvin L. Minsky and Seymour A. Papert},
        ADDRESS            = {Cambridge Massachusetts},
        EDITION            = {expanded},
        PUBLISHER          = {MIT-Press},
        TITLE              = {Perceptrons},
        YEAR               = {1988}
}

@ARTICLE{Mol93,
        AUTHOR             = {M. F. M{\o}ller},
        JOURNAL            = {Neural Networks},
        NUMBER             = {3},
        PAGES              = {525-533},
        TITLE              = {A Scaled Conjugate Gradient Algorithm for Fast Supervised Learning},
        VOLUME             = {6},
        YEAR               = {1993}
}

@INPROCEEDINGS{morgan&bourland89,
        AUTHOR             = {N. Morgan and H. Bourland},
        BOOKTITLE          = {NIPS 2},
        TITLE              = {Generalization and parameter estimation in feedforward nets: some experiments},
        YEAR               = {1989}
}

@TECHREPORT{moriarty&miikkulainen93,
        AUTHOR             = {David Moriarty and Risto Miikkulainen},
        ADDRESS            = {Austin, TX 78712-1188},
        INSTITUTION        = {University of Texas at Austin, Department of Computer Science},
        MONTH              = sep,
        NUMBER             = {AI93-206},
        TITLE              = {Evolving complex othello strategies using marker-based genetic encoding of neural networks},
        YEAR               = {1993}
}

@INPROCEEDINGS{mozer88,
        AUTHOR             = {Michael C. Mozer and Paul Smolensky},
        BOOKTITLE          = {NIPS 1},
        PAGES              = {107--115},
        TITLE              = {Skeletonization: {A} technique for trimming the fat from a network via relevance assessment},
        YEAR               = {1988}
}

@BOOK{MP69,
        AUTHOR             = {M. Minsky and S. Papert},
        ADDRESS            = {Cambridge,MA},
        PUBLISHER          = {MIT Press},
        TITLE              = {Perceptrons},
        YEAR               = {1969}
}

@ARTICLE{nabhan&zomaya94,
        AUTHOR             = {Tarek M. Nabhan and Albert Y. Zomaya},
        JOURNAL            = {Neural Networks},
        NUMBER             = {1},
        PAGES              = {89--99},
        TITLE              = {Toward Generating Neural Network Structures for Function Approximation},
        VOLUME             = {7},
        YEAR               = {1994}
}

@PROCEEDINGS{NIPS1,
        ADDRESS            = {2929 Campus Drive, Suite 260, San Mateo California 94403},
        EDITOR             = {David S. Touretzky},
        PUBLISHER          = {Morgan Kaufmann},
        TITLE              = {Advances in Neural Information Processing Systems},
        YEAR               = {1989}
}

@PROCEEDINGS{NIPS2,
        EDITOR             = {David S. Touretzky},
        PUBLISHER          = {Morgan Kaufmann},
        SERIES             = {San mateo, CA},
        TITLE              = {Advances in Neural Information Processing Systems},
        YEAR               = {1990}
}

@PROCEEDINGS{NIPS3,
        ADDRESS            = {San Mateo, CA},
        EDITOR             = {Richard P. Lippmann and John E. Moody and David S. Touretzky},
        PUBLISHER          = {Morgan Kaufmann},
        TITLE              = {Advances in Neural Information Processing Systems},
        YEAR               = {1990}
}

@PROCEEDINGS{NIPS4,
        ADDRESS            = {San Mateo, CA},
        EDITOR             = {Johan E. Moody and Steve J. Hanson and Richard P. Lippmann},
        PUBLISHER          = {Morgan Kaufmann},
        TITLE              = {Advances in Neural Information Processing Systems},
        YEAR               = {1992}
}

@ARTICLE{nowlan&hinton??,
        AUTHOR             = {Steven J. Nowlan and Geoffrey E. Hinton},
        JOURNAL            = {Neural Computation},
        PAGES              = {473--493},
        TITLE              = {Simplifying neural networks by {S}oft {W}eight-{S}haring},
        VOLUME             = {4},
        YEAR               = {1992}
}

@TECHREPORT{plutowski&white91,
        AUTHOR             = {Mark Plutowski and Halbert White},
        INSTITUTION        = {University of California, San Diego},
        MONTH              = feb,
        NUMBER             = {CS91-180},
        TITLE              = {Active selection of training examples for network learning in noiseless environments},
        YEAR               = {1991}
}

@BOOK{pollard84,
        AUTHOR             = {D. Pollard},
        NOTE               = {"`pure prob. theory"'},
        PUBLISHER          = {Springer, New York},
        TITLE              = {Convergence of stochastic processes},
        YEAR               = {1984}
}

@PROCEEDINGS{procGA85,
        TITLE              = {Proceedings of the first int conf on GA, Pittsburgh},
        YEAR               = {1985}
}

@PROCEEDINGS{procGA87,
        TITLE              = {Proceedings on the 2nd int conf on GA, Cambridge},
        YEAR               = {1987}
}

@PROCEEDINGS{procGA89,
        NOTE               = {belew, s. 34; nne: s. 360 ff},
        TITLE              = {Proceedings of the 3rd int conf on GA, Fairfax},
        YEAR               = {1989}
}

@PROCEEDINGS{procGA91,
        TITLE              = {Proceedings of the 4th int conf on GA, San Diego},
        YEAR               = {1991}
}

@INBOOK{RAT92,
        AUTHOR             = {A. Refenes and M. Azema-Barach and P. Treleaven},
        PUBLISHER          = {H. Lidell},
        TITLE              = {Financial Modeling using Neural Networks},
        YEAR               = {1992}
}

@INPROCEEDINGS{RB92,
        AUTHOR             = {M. Riedmiller and H. Braun},
        ADDRESS            = {Antalya, Turkey},
        BOOKTITLE          = {International Symposium on Computer and Information Science VII},
        EDITOR             = {E. Gelenbe},
        PAGES              = {279 - 286},
        TITLE              = {{RPROP}: A Fast Adaptive Learning Algorithm},
        YEAR               = {1992}
}

@INPROCEEDINGS{RB93a,
        AUTHOR             = {M. Riedmiller and H. Braun},
        ADDRESS            = {Melbourne},
        BOOKTITLE          = {Fourth Australian Conference on Neural Networks},
        EDITOR             = {Marwan Jabri},
        PAGES              = {169 - 172},
        TITLE              = {{RPROP}: A Fast and Robust Backpropagation Learning Strategy},
        YEAR               = {1993}
}

@BOOK{rechenberg73,
        AUTHOR             = {Ingo Rechenberg},
        ADDRESS            = {Stuttgart},
        PUBLISHER          = {Frommann-Holzboog Verlag},
        TITLE              = {Evolutionsstrategie: Optimierung technischer Systeme nach Prinzipien der biologischen Evolution},
        YEAR               = {1973}
}

@BOOK{reeves93,
        ADDRESS            = {Department of Statistics and Operational Research, school of mathematical and information sciences, Coventry University},
        EDITOR             = {Colin R. Reeves},
        PUBLISHER          = {Orient Longman},
        SERIES             = {Advanced topics in computer science},
        TITLE              = {Modern Heuristic Techniques for Combinatorial Problems},
        YEAR               = {1993}
}

@ARTICLE{richard&lippmann91,
        AUTHOR             = {M. D. Richard and R. P. Lippmann},
        JOURNAL            = {Neural Computation},
        NUMBER             = {4},
        PAGES              = {461},
        TITLE              = {Neural Network Calssiffiers estimate bayesian a posteriori probabilities},
        VOLUME             = {3},
        YEAR               = {1991}
}

@INPROCEEDINGS{riedmiller93,
        AUTHOR             = {Martin Riedmiller and Heinrich Braun},
        ADDRESS            = {San Francisco},
        BOOKTITLE          = {Proceedings of the ICNN 93},
        TITLE              = {A direct adaptive method for faster backpropagation learning: The {RProp} algorithm},
        YEAR               = {1993}
}

@ARTICLE{Roe93,
        AUTHOR             = {T. R{\"o}gnvaldsson},
        JOURNAL            = {Neural Computation},
        NOTE               = {submitted},
        TITLE              = {On Langevin Updating in Multilayer Perceptrons},
        YEAR               = {1993}
}

@TECHREPORT{roebel94,
        AUTHOR             = {Alex R{\"o}bel},
        ADDRESS            = {Institut f"ur angewandte Informatik, FG Informatik in Natur- und Ingeneurswissenschaften},
        INSTITUTION        = {TU Berlin},
        MONTH              = mar,
        TITLE              = {The dynamic pattern selection algorithm: {E}ffective Training and Controlled Generalization of Backpropagation Neural Networks},
        YEAR               = {1994}
}

@INCOLLECTION{Rum86,
        AUTHOR             = {D. E. Rumelhart and G. Hinton and R. Williams},
        ADDRESS            = {Cambridge, MA},
        BOOKTITLE          = {Parallel Distributed Processing, Vol. I Foundations},
        EDITOR             = {D. E. Rumelhart and J.L. McClelland},
        PAGES              = {318-362},
        PUBLISHER          = {MIT Press},
        TITLE              = {Learning Internal Representations by Error Propagation},
        YEAR               = {1986}
}

@INCOLLECTION{SA90,
        AUTHOR             = {Fernando M. Silva and Luis B. Almeida},
        ADDRESS            = {Amsterdam},
        BOOKTITLE          = {Advanced Neural Computers},
        EDITOR             = {R. Eckmiller},
        PAGES              = {151-158},
        PUBLISHER          = {North-Holland},
        TITLE              = {Speeding up Backpropagation},
        YEAR               = {1990}
}

@INPROCEEDINGS{Sal90,
        AUTHOR             = {R. Salomon},
        ADDRESS            = {Dortmund},
        BOOKTITLE          = {Lecture Notes in Computer Science, PPSN 1},
        EDITOR             = {H.-P. Schwefel and R. M\"anner},
        PAGES              = {269-273},
        PUBLISHER          = {Springer-Verlag},
        TITLE              = {Improved convergence rate of backpropagation with dynamic adaptation of the learning rate},
        YEAR               = {1990}
}

@INCOLLECTION{scalettar88,
        AUTHOR             = {Scalettar and Zee},
        BOOKTITLE          = {Connectionist models and their implications: rerading from cognitive science},
        EDITOR             = {Waltz and Felman},
        PAGES              = {309--332},
        TITLE              = {Emergence of grandmother memory in feedforward neural nets: learning with noise and forgetfulness}
}

@TECHREPORT{schiffmann92,
        AUTHOR             = {W. Schiffmann and M. Joost and R. Werner},
        ADDRESS            = {Insitute for Physics, Rheinau 3--4, D-5400 Koblenz; E-mail: schiff@infko.uni-koblenz.de},
        INSTITUTION        = {University of Koblenz},
        NUMBER             = {16/1992},
        TITLE              = {Synthesis and Performance Analysis of Multilayer Neural Network Architectures},
        TYPE               = {Technical Report},
        YEAR               = {1992}
}

@MISC{schuermann77,
        AUTHOR             = {J. Sch"urmann},
        HOWPUBLISHED       = {verweis in kressel90},
        TITLE              = {Polynomklassifikation}
}

@INPROCEEDINGS{Sietsma&dow88,
        AUTHOR             = {Sietsma and Dow},
        BOOKTITLE          = {IEEE Conference on Neural Networks},
        NOTE               = {vorgemerkt in UB, 10. m"arz 1994; UB K'he: ZE 7343-2,1[1988]},
        PAGES              = {325--333},
        TITLE              = {Neural Network Pruning: Why and How?},
        VOLUME             = {1},
        YEAR               = {1988}
}

@INPROCEEDINGS{singhal88,
        AUTHOR             = {Singhal and Wu},
        BOOKTITLE          = {NIPS 1},
        JOURNAL            = {NIPS},
        NOTE               = {-},
        TITLE              = {Training MLP with the extended kalman algorithm},
        YEAR               = {1988}
}

@ARTICLE{Sirat90,
        AUTHOR             = {Sirat and Nadal},
        TITLE              = {Neural Trees: A new tool for classification},
        YEAR               = {1990}
}

@TECHREPORT{SJW93,
        AUTHOR             = {W. Schiffmann and M. Joost and R. Werner},
        INSTITUTION        = {University of Koblenz, Institute of Physics},
        TITLE              = {Optimization of the Backpropagation Algorithm for Training Multilayer Perceptrons},
        YEAR               = {1993}
}

@ARTICLE{solla88,
        AUTHOR             = {Sara A. Solla and Esther Levin and Michael Fleisher},
        JOURNAL            = {Complex Systems},
        PAGES              = {625--640},
        TITLE              = {Accelerated Learning in layered Neural Networks},
        VOLUME             = {2},
        YEAR               = {1988}
}

@ARTICLE{sollich94,
        AUTHOR             = {Peter Sollich},
        JOURNAL            = {To appear in Physical Review E},
        NOTE               = {Dept. of physics, University of Edinburgh, Kings Building, Mayfield Road, Edinburgh EH9 3JZ, U.K.},
        TITLE              = {Query construction, entropy and generalization in neural network models},
        YEAR               = {1994}
}

@ARTICLE{SR87,
        AUTHOR             = {T. J. Sejnowski and C. R. Rosenberg},
        JOURNAL            = {Complex Systems},
        PAGES              = {145 -168},
        TITLE              = {Parallel Networks that learn to pronounce English Text},
        YEAR               = {1987}
}

@BOOK{stillings??,
        AUTHOR             = {Neill A. Stillings},
        NOTE               = {F.cog in inf'bib},
        TITLE              = {Cognitive Science: an introduction}
}

@TECHREPORT{thrun&23,
        AUTHOR             = {Thrun et al},
        INSTITUTION        = {Carnegie Mellon University, Dep. of Comp. Sci},
        NOTE               = {inf'bib: r.mon},
        NUMBER             = {CMU-CS-91-197},
        TITLE              = {The MONKS problem -- A performance comparison of different learning algorithms},
        YEAR               = {1991}
}

@INPROCEEDINGS{tishby89,
        AUTHOR             = {N. Tishby and E. levin and S. A. Solla},
        BOOKTITLE          = {Proc of the IJCNN on NN, Washington D.C.},
        TITLE              = {Consistent inference of probabilities in layered networks: predictions and generalization},
        YEAR               = {1989}
}

@ARTICLE{Tol90,
        AUTHOR             = {T. Tollenaere},
        JOURNAL            = {Neural Networks},
        NUMBER             = {5},
        TITLE              = {Super{SAB}: Fast Adaptive Backpropagation with good Scaling Properties},
        VOLUME             = {3},
        YEAR               = {1990}
}

@ARTICLE{Wai88,
        AUTHOR             = {A.Waibel and T. Hanazawa and G. Hinton and K. Shikano and K. Lang},
        JOURNAL            = {IEEE Transactions on Acoustics, Speech and Signal Processing},
        PAGES              = {328-339},
        TITLE              = {Phoneme Recognition using Time Delay Neural Networks},
        VOLUME             = {37},
        YEAR               = {1989}
}

@ARTICLE{watkin&rau92,
        AUTHOR             = {T. L. H. Watkin and A. Rau},
        JOURNAL            = {Journal of Physics A},
        PAGES              = {113--121},
        TITLE              = {Selecting Examples for perceptrons},
        VOLUME             = {25},
        YEAR               = {1992}
}

@PHDTHESIS{Wei91,
        AUTHOR             = {A. Weigend},
        SCHOOL             = {Stanford University},
        TITLE              = {Connectionist Architectures for Time Series Prediction},
        YEAR               = {1991}
}

@INPROCEEDINGS{weigend90,
        AUTHOR             = {Andreas S. Weigend and David E. Rumelhart and Bernardo A. Huberman},
        BOOKTITLE          = {NIPS 3},
        PAGES              = {875--882},
        TITLE              = {Generalization by weight-elimination with application to forecasting},
        YEAR               = {1990}
}

@MASTERSTHESIS{weisbrod92,
        AUTHOR             = {Joachim Weisbrod},
        ADDRESS            = {Institut f{\"u}r Logik, Komplexit{\"a}t und Deduktionssysteme},
        SCHOOL             = {Universit{\"a}t Karlsruhe},
        TITLE              = {{E}insatz {G}enetischer {A}lgorithmen zur {O}ptimierung der {T}opologie mehrschichtiger {F}eedforward-{N}etzwerke},
        TYPE               = {Diplomarbeit},
        YEAR               = {1992}
}

@ARTICLE{whitley90,
        AUTHOR             = {D. Whitley and T. Starkweather and C. Boagart},
        JOURNAL            = {Parallel Computing},
        NOTE               = {North-Holland},
        PAGES              = {347--361},
        TITLE              = {Genetic Algorithms and neural networks: optimizing connections and connectivity},
        VOLUME             = {14},
        YEAR               = {1990}
}

@TECHREPORT{williams94,
        AUTHOR             = {Peter M. Williams},
        INSTITUTION        = {School of Cognitive and Computing Science, University of Sussex, Falmer, Brighton BN1 9QH},
        MONTH              = feb,
        TITLE              = {Bayesian regularisation and pruning using a laplace prior},
        TYPE               = {Cognitive Science Research Paper CSRP-312},
        YEAR               = {1994}
}

@INPROCEEDINGS{williamson90,
        AUTHOR             = {Robert C. Williamson},
        BOOKTITLE          = {NIPS 3},
        TITLE              = {$\varepsilon$-Entropy and the complexity of feedforward neural networks},
        YEAR               = {1990}
}

@MISC{wilson&omidvar??,
        AUTHOR             = {C. L. Wilson and O.M. Omidvar},
        HOWPUBLISHED       = {NIST ir4766},
        NOTE               = {Available at the {NIST}-Archive:
                              {\tt sequoya.ucsl.nist.gov} },
        TITLE              = {Optimization of neural network topology and information content using boltzmann methods}
}

@MISC{wilkinson92,
        AUTHOR             = {R. Allan Wilkinson {\em et al}},
        HOWPUBLISHED       = {NIST ir4912},
        NOTE               = {Available at the {NIST}-Archive:
                              {\tt sequoya.ucsl.nist.gov} },
        TITLE              = {The First Census Optical Character Recognition
                              Systems Conference}
}

@TECHREPORT{wolpert??,
        AUTHOR             = {David H. Wolpert},
        ADDRESS            = {160 Old Pecos Trail, Suite A, Santa Fe, NM, 87501 (dhw@sfi.santafe.edu)},
        INSTITUTION        = {The Santa Fe Institute},
        TITLE              = {A rigorous investigation of ``evidence'' and ``occam factors'' in bayesian reasoning},
        YEAR               = {????}
}

@INPROCEEDINGS{WRH90,
        AUTHOR             = {A. Weigend and D. Rumelhart and B. Huberman},
        BOOKTITLE          = {Advances in Neural Information Processing 3 (NIPS 90)},
        EDITOR             = {R. Lippmann and J. Moody and D. Touretzky},
        PUBLISHER          = {Morgan Kaufmann},
        TITLE              = {Generalization by Weight-Elimination with Application to Forecasting},
        YEAR               = {1991}
}

@TECHREPORT{Yao??,
        AUTHOR             = {Xin Yao},
        ADDRESS            = {PO Box 56, Highett, Victoria 3190, Australia},
        INSTITUTION        = {Commonwealth Scientific and Industrial Reasearch Organization, Division of Building, Construction and Engineering},
        TITLE              = {A review of evolutionary artificial neural networks}
}

@MASTERSTHESIS{zagorski94,
        AUTHOR             = {Peter Zagorski},
        ADDRESS            = {Institut f{\"u}r Logik Komplexit{\"a}t und Deduktionssysteme},
        MONTH              = jan,
        SCHOOL             = {Univerit{\"a}t Karlsruhe},

        TITLE              = {{E}ntwicklung {E}volution\"arer {A}lgorithmen zur {O}ptimierung der {T}opologie und des {G}eneralisierungsverhaltens von {M}ultilayer {P}erceptrons},
        TYPE               = {Diplomarbeit},
        YEAR               = {1994}
}

@MASTERSTHESIS{schaefer94,
        AUTHOR             = {Johannes Sch\"afer},
        ADDRESS            = {Institut f{\"u}r Logik Komplexit{\"a}t und Deduktionssysteme},
        MONTH              = oct,
        SCHOOL             = {Univerit{\"a}t Karlsruhe},
        TITLE              = {{E}volution {N}euronaler {N}etze zur {E}rkennung von handgeschriebenen {Z}iffern},        TYPE               = {Diplomarbeit},
        YEAR               = {1994}
}

@MASTERSTHESIS{schubert95,
        AUTHOR             = {Matthias Schubert},
        ADDRESS            = {Institut f{\"u}r Logik Komplexit{\"a}t und Deduktionssysteme},
        MONTH              = feb,
        SCHOOL             = {Univerit{\"a}t Karlsruhe},
        TITLE              = {{E}volution\"are {O}ptimierung {N}euronaler {N}etze zur {Z}eitreihenvorhersage},        TYPE               = {Diplomarbeit},
        YEAR               = {1995}
}

@BOOK{Zell94,
        AUTHOR             = {Andreas Zell},
        PUBLISHER          = {Addison-Wesley},
        TITLE              = {Simulation Neuronaler Netze},
        YEAR               = {1994}
}

@BOOK{zornetzer90,
        AUTHOR             = {Steven F. Zornetzer and Joel L. Davis and Clifford Lau},
        PUBLISHER          = {Academic Press},
        TITLE              = {An introduction to neural and electronic networks},
        YEAR               = {1990}
}
